@article{ag249,
    author  = "Abstruse Goose",
    title   = "How to Teach Yourself Programming",
    number  = "249",
    journal = "Abstruse Goose",
    note    = "Retrieval date. http://abstrusegoose.com/249",
    year    = "2017",
    month   = "April"
}

@article{cham2007,
    author  = "Jorge Cham",
    title   = "Master of the Universe",
    journal = "PhD -- Piled Higher and Deeper",
    year    = "2007",
    note    = "http://phdcomics.com/comics/archive.php?comicid=946",
    month   = "November",
}

@article{climo2014,
    author  = "Liz Climo",
    title   = "happy fatherâ€™s day",
    journal = "Hi, I'm Liz",
    note    = "https://tmblr.co/ZVgbcw1Iji2Ov",
    year    = "2014",
    month   = "June"
}

@book{darwin,
    author = "Charles Darwin",
    title  = "On the Origin of Species",
    year   = "1859",
    month  = "October",
    note   = "Downloaded from Project Gutenberg. https://www.gutenberg.org/ebooks/1228"
}

@article{evans2016,
    author  = "Julia Evans",
    title   = "How I got better at debugging",
    journal = "Julia's Drawings",
    note    = "https://drawings.jvns.ca/better-debugging/",
    year    = "2016",
    month   = "November"
}

@article{fielding1999,
    author  = "R. Fielding and J. Gettys and J. Mogul and H. Frystyk and L. Masinter and P. Leach and T. Berners-Lee",
    title   = "Hypertext Transfer Protocol -- HTTP/1.1",
    journal = "Request for Comments",
    note    = "https://www.ietf.org/rfc/rfc2616.txt",
    year    = "1999",
    month   = "June"
}

@article{gamefaq2008,
    author  = "Zauron",
    title   = "Character Guide",
    journal = "GameFAQs: Castle Crashers",
    note    = "https://www.gamefaqs.com/xbox360/934458-castle-crashers/faqs/54118",
    year    = "2008",
    month   = "September",
}

@article{marciuliano2013,
    author  = "Francesco Marciuliano and Jim Keefe",
    title   = "Maze",
    journal = "Sally Forth",
    note    = "http://sallyforth.com/comics/october-24-2013/",
    year    = "2013",
    month   = "October"
}

@manual{pythondocs,
	title        = "Python 3.6.0 documentation",
	author       = "{Python Software Foundation}",
	organization = "{Python Software Foundation}",
	address      = "Beaverton, Oregon, USA",
	edition	     = "3.6.0",
	year         = "2017",
	month        = "March",
	note         = "https://docs.python.org/3/",
}

@article{sadasivam2012,
    author  = "Krishna M. Sadasivam",
    title   = "Loopy de loop",
    journal = "The PC Weenies",
    note    = "http://pcweenies.com/comic/loopy-de-loop/",
    year    = "2012",
    month   = "January"
}

@article{sawyer2014,
    author  = "Ryan Sawyer",
    title   = "A comic I did for @Webs is up!",
    journal = "Twitter @EightballArt",
    note    = "https://twitter.com/EightballArt/status/515195030546690048",
    year    = "2014",
    month   = "September"
}

@book{shakespeare1623,
    author = "William Shakespeare",
    title  = "Romeo and Juliet",
    year   = "1623",
    note   = "Downloaded from Project Gutenberg. https://www.gutenberg.org/ebooks/1112"
}

@article{thebehemoth2012,
    author  = "{The Behemoth}",
    title   = "Screenshot 7",
    journal = "Castle Crashers",
    note    = "http://www.castlecrashers.com/game/",
    year    = "2012",
}

@article{wiki2017reglang,
    author  = "{Wikipedia contributors}",
    title   = "Regular language",
    journal = "Wikipedia, The Free Encyclopedia",
    note    = "https://en.wikipedia.org/w/index.php?title=Regular_language&oldid=781619026",
    year    = "2017",
    month   = "May"
}

@article{wirth2006,
    author    = "Niklaus Wirth",
    title     = "Good Ideas, Through the Looking Glass",
    journal   = "IEEE Computer",
    volume    = "39",
    number    = "1",
    pages     = "28--39",
    year      = "2006",
    month     = "January",
    note      = "DOI: 10.1109/MC.2006.20",
}

@article{xkcd627,
    author  = "Randall Munroe",
    title   = "Tech Support Cheat Sheet",
    number  = "627",
    journal = "xkcd. A webcomic of romance, sarcasm, math, and language.",
    note    = "https://xkcd.com/627",
    year    = "2009",
    month   = "August"
}

@article{xkcd889,
    author  = "Randall Munroe",
    title   = "Turtles",
    number  = "889",
    journal = "xkcd. A webcomic of romance, sarcasm, math, and language.",
    note    = "https://xkcd.com/889",
    year    = "2011",
    month   = "April"
}

@article{xkcd1179,
    author  = "Randall Munroe",
    title   = "ISO 8601",
    number  = "1179",
    journal = "xkcd. A webcomic of romance, sarcasm, math, and language.",
    note    = "https://xkcd.com/1179",
    year    = "2013",
    month   = "February"
}

@article{xkcd1421,
    author  = "Randall Munroe",
    title   = "Future Self",
    number  = "1421",
    journal = "xkcd. A webcomic of romance, sarcasm, math, and language.",
    note    = "https://xkcd.com/1421",
    year    = "2014",
    month   = "September"
}
